%YAML 1.1
%TAG !u! tag:unity3d.com,2011:
--- !u!54 &6103447531264138017
Rigidbody:
  m_ObjectHideFlags: 0
  m_CorrespondingSourceObject: {fileID: 0}
  m_PrefabInstance: {fileID: 0}
  m_PrefabAsset: {fileID: 0}
  m_GameObject: {fileID: 701605427476928744}
  serializedVersion: 2
  m_Mass: 0.2
  m_Drag: 0
  m_AngularDrag: 0.05
  m_UseGravity: 1
  m_IsKinematic: 0
  m_Interpolate: 0
  m_Constraints: 0
  m_CollisionDetection: 0
--- !u!135 &2813733837868013261
SphereCollider:
  m_ObjectHideFlags: 0
  m_CorrespondingSourceObject: {fileID: 0}
  m_PrefabInstance: {fileID: 0}
  m_PrefabAsset: {fileID: 0}
  m_GameObject: {fileID: 701605427476928744}
  m_Material: {fileID: 0}
  m_IsTrigger: 0
  m_Enabled: 1
  serializedVersion: 2
  m_Radius: 0.15
  m_Center: {x: 0, y: 0, z: 0}
--- !u!138 &4651682861248946441
FixedJoint:
  m_ObjectHideFlags: 0
  m_CorrespondingSourceObject: {fileID: 0}
  m_PrefabInstance: {fileID: 0}
  m_PrefabAsset: {fileID: 0}
  m_GameObject: {fileID: 701605427476928744}
  m_ConnectedBody: {fileID: 7224346680652203888}
  m_BreakForce: Infinity
  m_BreakTorque: Infinity
  m_EnableCollision: 0
  m_EnablePreprocessing: 1
  m_MassScale: 1
  m_ConnectedMassScale: 1
--- !u!54 &3058498731951747293
Rigidbody:
  m_ObjectHideFlags: 0
  m_CorrespondingSourceObject: {fileID: 0}
  m_PrefabInstance: {fileID: 0}
  m_PrefabAsset: {fileID: 0}
  m_GameObject: {fileID: 1270993408169967574}
  serializedVersion: 2
  m_Mass: 0.2
  m_Drag: 0
  m_AngularDrag: 0.05
  m_UseGravity: 1
  m_IsKinematic: 0
  m_Interpolate: 0
  m_Constraints: 0
  m_CollisionDetection: 0
--- !u!135 &2964868273020826841
SphereCollider:
  m_ObjectHideFlags: 0
  m_CorrespondingSourceObject: {fileID: 0}
  m_PrefabInstance: {fileID: 0}
  m_PrefabAsset: {fileID: 0}
  m_GameObject: {fileID: 1270993408169967574}
  m_Material: {fileID: 0}
  m_IsTrigger: 0
  m_Enabled: 1
  serializedVersion: 2
  m_Radius: 0.15
  m_Center: {x: 0, y: 0, z: 0}
--- !u!138 &9127693645694759826
FixedJoint:
  m_ObjectHideFlags: 0
  m_CorrespondingSourceObject: {fileID: 0}
  m_PrefabInstance: {fileID: 0}
  m_PrefabAsset: {fileID: 0}
  m_GameObject: {fileID: 1270993408169967574}
  m_ConnectedBody: {fileID: 5495748195755739420}
  m_BreakForce: Infinity
  m_BreakTorque: Infinity
  m_EnableCollision: 0
  m_EnablePreprocessing: 1
  m_MassScale: 1
  m_ConnectedMassScale: 1
--- !u!54 &6770012068463152768
Rigidbody:
  m_ObjectHideFlags: 0
  m_CorrespondingSourceObject: {fileID: 0}
  m_PrefabInstance: {fileID: 0}
  m_PrefabAsset: {fileID: 0}
  m_GameObject: {fileID: 3373766823804000140}
  serializedVersion: 2
  m_Mass: 0.2
  m_Drag: 0
  m_AngularDrag: 0.05
  m_UseGravity: 1
  m_IsKinematic: 0
  m_Interpolate: 0
  m_Constraints: 0
  m_CollisionDetection: 0
--- !u!135 &6770012068463152769
SphereCollider:
  m_ObjectHideFlags: 0
  m_CorrespondingSourceObject: {fileID: 0}
  m_PrefabInstance: {fileID: 0}
  m_PrefabAsset: {fileID: 0}
  m_GameObject: {fileID: 3373766823804000140}
  m_Material: {fileID: 0}
  m_IsTrigger: 0
  m_Enabled: 1
  serializedVersion: 2
  m_Radius: 0.15
  m_Center: {x: 0, y: 0, z: 0}
--- !u!138 &6770012068463152770
FixedJoint:
  m_ObjectHideFlags: 0
  m_CorrespondingSourceObject: {fileID: 0}
  m_PrefabInstance: {fileID: 0}
  m_PrefabAsset: {fileID: 0}
  m_GameObject: {fileID: 3373766823804000140}
  m_ConnectedBody: {fileID: 6770012067756778566}
  m_BreakForce: Infinity
  m_BreakTorque: Infinity
  m_EnableCollision: 0
  m_EnablePreprocessing: 1
  m_MassScale: 1
  m_ConnectedMassScale: 1
--- !u!54 &6770012067756778566
Rigidbody:
  m_ObjectHideFlags: 0
  m_CorrespondingSourceObject: {fileID: 0}
  m_PrefabInstance: {fileID: 0}
  m_PrefabAsset: {fileID: 0}
  m_GameObject: {fileID: 3373766823971355986}
  serializedVersion: 2
  m_Mass: 0.2
  m_Drag: 0
  m_AngularDrag: 0.05
  m_UseGravity: 1
  m_IsKinematic: 0
  m_Interpolate: 0
  m_Constraints: 0
  m_CollisionDetection: 0
--- !u!138 &6770012067756778560
FixedJoint:
  m_ObjectHideFlags: 0
  m_CorrespondingSourceObject: {fileID: 0}
  m_PrefabInstance: {fileID: 0}
  m_PrefabAsset: {fileID: 0}
  m_GameObject: {fileID: 3373766823971355986}
  m_ConnectedBody: {fileID: 6770012067200292980}
  m_BreakForce: Infinity
  m_BreakTorque: Infinity
  m_EnableCollision: 0
  m_EnablePreprocessing: 1
  m_MassScale: 1
  m_ConnectedMassScale: 1
--- !u!135 &6770012067756778567
SphereCollider:
  m_ObjectHideFlags: 0
  m_CorrespondingSourceObject: {fileID: 0}
  m_PrefabInstance: {fileID: 0}
  m_PrefabAsset: {fileID: 0}
  m_GameObject: {fileID: 3373766823971355986}
  m_Material: {fileID: 0}
  m_IsTrigger: 0
  m_Enabled: 1
  serializedVersion: 2
  m_Radius: 0.15
  m_Center: {x: 0, y: 0, z: 0}
--- !u!54 &6770012068146338699
Rigidbody:
  m_ObjectHideFlags: 0
  m_CorrespondingSourceObject: {fileID: 0}
  m_PrefabInstance: {fileID: 0}
  m_PrefabAsset: {fileID: 0}
  m_GameObject: {fileID: 3373766824091386497}
  serializedVersion: 2
  m_Mass: 0.2
  m_Drag: 0
  m_AngularDrag: 0.05
  m_UseGravity: 1
  m_IsKinematic: 0
  m_Interpolate: 0
  m_Constraints: 0
  m_CollisionDetection: 0
--- !u!135 &6770012068146338804
SphereCollider:
  m_ObjectHideFlags: 0
  m_CorrespondingSourceObject: {fileID: 0}
  m_PrefabInstance: {fileID: 0}
  m_PrefabAsset: {fileID: 0}
  m_GameObject: {fileID: 3373766824091386497}
  m_Material: {fileID: 0}
  m_IsTrigger: 0
  m_Enabled: 1
  serializedVersion: 2
  m_Radius: 0.15
  m_Center: {x: 0, y: 0, z: 0}
--- !u!138 &6770012068146338805
FixedJoint:
  m_ObjectHideFlags: 0
  m_CorrespondingSourceObject: {fileID: 0}
  m_PrefabInstance: {fileID: 0}
  m_PrefabAsset: {fileID: 0}
  m_GameObject: {fileID: 3373766824091386497}
  m_ConnectedBody: {fileID: 6770012066583970631}
  m_BreakForce: Infinity
  m_BreakTorque: Infinity
  m_EnableCollision: 0
  m_EnablePreprocessing: 1
  m_MassScale: 1
  m_ConnectedMassScale: 1
--- !u!54 &6770012067200292980
Rigidbody:
  m_ObjectHideFlags: 0
  m_CorrespondingSourceObject: {fileID: 0}
  m_PrefabInstance: {fileID: 0}
  m_PrefabAsset: {fileID: 0}
  m_GameObject: {fileID: 3373766824488042752}
  serializedVersion: 2
  m_Mass: 0.2
  m_Drag: 0
  m_AngularDrag: 0.05
  m_UseGravity: 1
  m_IsKinematic: 0
  m_Interpolate: 0
  m_Constraints: 0
  m_CollisionDetection: 0
--- !u!135 &6770012067200292981
SphereCollider:
  m_ObjectHideFlags: 0
  m_CorrespondingSourceObject: {fileID: 0}
  m_PrefabInstance: {fileID: 0}
  m_PrefabAsset: {fileID: 0}
  m_GameObject: {fileID: 3373766824488042752}
  m_Material: {fileID: 0}
  m_IsTrigger: 0
  m_Enabled: 1
  serializedVersion: 2
  m_Radius: 0.15
  m_Center: {x: 0, y: 0, z: 0}
--- !u!138 &6770012067200292982
FixedJoint:
  m_ObjectHideFlags: 0
  m_CorrespondingSourceObject: {fileID: 0}
  m_PrefabInstance: {fileID: 0}
  m_PrefabAsset: {fileID: 0}
  m_GameObject: {fileID: 3373766824488042752}
  m_ConnectedBody: {fileID: 6770012068146338699}
  m_BreakForce: Infinity
  m_BreakTorque: Infinity
  m_EnableCollision: 0
  m_EnablePreprocessing: 1
  m_MassScale: 1
  m_ConnectedMassScale: 1
--- !u!54 &6770012066583970631
Rigidbody:
  m_ObjectHideFlags: 0
  m_CorrespondingSourceObject: {fileID: 0}
  m_PrefabInstance: {fileID: 0}
  m_PrefabAsset: {fileID: 0}
  m_GameObject: {fileID: 3373766825146309196}
  serializedVersion: 2
  m_Mass: 0.2
  m_Drag: 0
  m_AngularDrag: 0.05
  m_UseGravity: 0
  m_IsKinematic: 0
  m_Interpolate: 0
  m_Constraints: 0
  m_CollisionDetection: 0
--- !u!135 &6770012066583970624
SphereCollider:
  m_ObjectHideFlags: 0
  m_CorrespondingSourceObject: {fileID: 0}
  m_PrefabInstance: {fileID: 0}
  m_PrefabAsset: {fileID: 0}
  m_GameObject: {fileID: 3373766825146309196}
  m_Material: {fileID: 0}
  m_IsTrigger: 0
  m_Enabled: 1
  serializedVersion: 2
  m_Radius: 0.15
  m_Center: {x: 0, y: 0, z: 0}
--- !u!138 &6770012066583970626
FixedJoint:
  m_ObjectHideFlags: 0
  m_CorrespondingSourceObject: {fileID: 0}
  m_PrefabInstance: {fileID: 0}
  m_PrefabAsset: {fileID: 0}
  m_GameObject: {fileID: 3373766825146309196}
  m_ConnectedBody: {fileID: 0}
  m_BreakForce: Infinity
  m_BreakTorque: Infinity
  m_EnableCollision: 0
  m_EnablePreprocessing: 1
  m_MassScale: 1
  m_ConnectedMassScale: 1
--- !u!54 &7224346680652203888
Rigidbody:
  m_ObjectHideFlags: 0
  m_CorrespondingSourceObject: {fileID: 0}
  m_PrefabInstance: {fileID: 0}
  m_PrefabAsset: {fileID: 0}
  m_GameObject: {fileID: 4298204292261833861}
  serializedVersion: 2
  m_Mass: 0.2
  m_Drag: 0
  m_AngularDrag: 0.05
  m_UseGravity: 1
  m_IsKinematic: 0
  m_Interpolate: 0
  m_Constraints: 0
  m_CollisionDetection: 0
--- !u!138 &4659837489536448864
FixedJoint:
  m_ObjectHideFlags: 0
  m_CorrespondingSourceObject: {fileID: 0}
  m_PrefabInstance: {fileID: 0}
  m_PrefabAsset: {fileID: 0}
  m_GameObject: {fileID: 4298204292261833861}
  m_ConnectedBody: {fileID: 6770012068463152768}
  m_BreakForce: Infinity
  m_BreakTorque: Infinity
  m_EnableCollision: 0
  m_EnablePreprocessing: 1
  m_MassScale: 1
  m_ConnectedMassScale: 1
--- !u!135 &6324886896733662270
SphereCollider:
  m_ObjectHideFlags: 0
  m_CorrespondingSourceObject: {fileID: 0}
  m_PrefabInstance: {fileID: 0}
  m_PrefabAsset: {fileID: 0}
  m_GameObject: {fileID: 4298204292261833861}
  m_Material: {fileID: 0}
  m_IsTrigger: 0
  m_Enabled: 1
  serializedVersion: 2
  m_Radius: 0.15
  m_Center: {x: 0, y: 0, z: 0}
--- !u!54 &5495748195755739420
Rigidbody:
  m_ObjectHideFlags: 0
  m_CorrespondingSourceObject: {fileID: 0}
  m_PrefabInstance: {fileID: 0}
  m_PrefabAsset: {fileID: 0}
  m_GameObject: {fileID: 5107811330996874164}
  serializedVersion: 2
  m_Mass: 0.2
  m_Drag: 0
  m_AngularDrag: 0.05
  m_UseGravity: 1
  m_IsKinematic: 0
  m_Interpolate: 0
  m_Constraints: 0
  m_CollisionDetection: 0
--- !u!138 &703714754821516250
FixedJoint:
  m_ObjectHideFlags: 0
  m_CorrespondingSourceObject: {fileID: 0}
  m_PrefabInstance: {fileID: 0}
  m_PrefabAsset: {fileID: 0}
  m_GameObject: {fileID: 5107811330996874164}
  m_ConnectedBody: {fileID: 4390888252766142011}
  m_BreakForce: Infinity
  m_BreakTorque: Infinity
  m_EnableCollision: 0
  m_EnablePreprocessing: 1
  m_MassScale: 1
  m_ConnectedMassScale: 1
--- !u!135 &7619161275547055967
SphereCollider:
  m_ObjectHideFlags: 0
  m_CorrespondingSourceObject: {fileID: 0}
  m_PrefabInstance: {fileID: 0}
  m_PrefabAsset: {fileID: 0}
  m_GameObject: {fileID: 5107811330996874164}
  m_Material: {fileID: 0}
  m_IsTrigger: 0
  m_Enabled: 1
  serializedVersion: 2
  m_Radius: 0.15
  m_Center: {x: 0, y: 0, z: 0}
--- !u!1 &6770012067707265070
GameObject:
  m_ObjectHideFlags: 0
  m_CorrespondingSourceObject: {fileID: 0}
  m_PrefabInstance: {fileID: 0}
  m_PrefabAsset: {fileID: 0}
  serializedVersion: 6
  m_Component:
  - component: {fileID: 6770012067707265071}
  m_Layer: 9
  m_Name: 10 Chain
  m_TagString: Untagged
  m_Icon: {fileID: 0}
  m_NavMeshLayer: 0
  m_StaticEditorFlags: 0
  m_IsActive: 1
--- !u!4 &6770012067707265071
Transform:
  m_ObjectHideFlags: 0
  m_CorrespondingSourceObject: {fileID: 0}
  m_PrefabInstance: {fileID: 0}
  m_PrefabAsset: {fileID: 0}
  m_GameObject: {fileID: 6770012067707265070}
  m_LocalRotation: {x: 0, y: 0, z: 0, w: 1}
  m_LocalPosition: {x: -4.3655295, y: 4.5, z: -1.552217}
  m_LocalScale: {x: 1, y: 1, z: 1}
  m_Children:
  - {fileID: 1768048599792429151}
  - {fileID: 1768048601388413074}
  - {fileID: 1768048600443351827}
  - {fileID: 1768048600968433473}
  - {fileID: 1768048601671607711}
  - {fileID: 1007983740162776726}
  - {fileID: 4604864320439413499}
  - {fileID: 4704822059228188584}
  - {fileID: 8122750517393643943}
  - {fileID: 2880087273351908805}
  m_Father: {fileID: 0}
  m_RootOrder: 0
  m_LocalEulerAnglesHint: {x: 0, y: 0, z: 0}
--- !u!54 &4390888252766142011
Rigidbody:
  m_ObjectHideFlags: 0
  m_CorrespondingSourceObject: {fileID: 0}
  m_PrefabInstance: {fileID: 0}
  m_PrefabAsset: {fileID: 0}
  m_GameObject: {fileID: 8579844806444924347}
  serializedVersion: 2
  m_Mass: 0.2
  m_Drag: 0
  m_AngularDrag: 0.05
  m_UseGravity: 1
  m_IsKinematic: 0
  m_Interpolate: 0
  m_Constraints: 0
  m_CollisionDetection: 0
--- !u!135 &2056729813239993353
SphereCollider:
  m_ObjectHideFlags: 0
  m_CorrespondingSourceObject: {fileID: 0}
  m_PrefabInstance: {fileID: 0}
  m_PrefabAsset: {fileID: 0}
  m_GameObject: {fileID: 8579844806444924347}
  m_Material: {fileID: 0}
  m_IsTrigger: 0
  m_Enabled: 1
  serializedVersion: 2
  m_Radius: 0.15
  m_Center: {x: 0, y: 0, z: 0}
--- !u!138 &9044126862159787675
FixedJoint:
  m_ObjectHideFlags: 0
  m_CorrespondingSourceObject: {fileID: 0}
  m_PrefabInstance: {fileID: 0}
  m_PrefabAsset: {fileID: 0}
  m_GameObject: {fileID: 8579844806444924347}
  m_ConnectedBody: {fileID: 6103447531264138017}
  m_BreakForce: Infinity
  m_BreakTorque: Infinity
  m_EnableCollision: 0
  m_EnablePreprocessing: 1
  m_MassScale: 1
  m_ConnectedMassScale: 1
--- !u!1001 &301836226186339506
PrefabInstance:
  m_ObjectHideFlags: 0
  serializedVersion: 2
  m_Modification:
    m_TransformParent: {fileID: 6770012067707265071}
    m_Modifications:
    - target: {fileID: -927199367670048503, guid: ed798ac5c7bd6a947ad5dcd6dbeefcb0,
        type: 3}
      propertyPath: m_Name
      value: chain (7)
      objectReference: {fileID: 0}
    - target: {fileID: -927199367670048503, guid: ed798ac5c7bd6a947ad5dcd6dbeefcb0,
        type: 3}
      propertyPath: m_Layer
      value: 9
      objectReference: {fileID: 0}
    - target: {fileID: 4224801822505238522, guid: ed798ac5c7bd6a947ad5dcd6dbeefcb0,
        type: 3}
      propertyPath: m_Layer
      value: 9
      objectReference: {fileID: 0}
    - target: {fileID: 8274873701517981592, guid: ed798ac5c7bd6a947ad5dcd6dbeefcb0,
        type: 3}
      propertyPath: m_Layer
      value: 9
      objectReference: {fileID: 0}
    - target: {fileID: -4968143338141861873, guid: ed798ac5c7bd6a947ad5dcd6dbeefcb0,
        type: 3}
      propertyPath: m_Layer
      value: 9
      objectReference: {fileID: 0}
    - target: {fileID: -4216859302048453862, guid: ed798ac5c7bd6a947ad5dcd6dbeefcb0,
        type: 3}
      propertyPath: m_LocalPosition.x
      value: 0
      objectReference: {fileID: 0}
    - target: {fileID: -4216859302048453862, guid: ed798ac5c7bd6a947ad5dcd6dbeefcb0,
        type: 3}
      propertyPath: m_LocalPosition.y
      value: -0.1
      objectReference: {fileID: 0}
    - target: {fileID: -4216859302048453862, guid: ed798ac5c7bd6a947ad5dcd6dbeefcb0,
        type: 3}
      propertyPath: m_LocalPosition.z
      value: 0
      objectReference: {fileID: 0}
    - target: {fileID: -4216859302048453862, guid: ed798ac5c7bd6a947ad5dcd6dbeefcb0,
        type: 3}
      propertyPath: m_LocalRotation.x
      value: 0.5
      objectReference: {fileID: 0}
    - target: {fileID: -4216859302048453862, guid: ed798ac5c7bd6a947ad5dcd6dbeefcb0,
        type: 3}
      propertyPath: m_LocalRotation.y
      value: 0.5
      objectReference: {fileID: 0}
    - target: {fileID: -4216859302048453862, guid: ed798ac5c7bd6a947ad5dcd6dbeefcb0,
        type: 3}
      propertyPath: m_LocalRotation.z
      value: -0.5
      objectReference: {fileID: 0}
    - target: {fileID: -4216859302048453862, guid: ed798ac5c7bd6a947ad5dcd6dbeefcb0,
        type: 3}
      propertyPath: m_LocalRotation.w
      value: 0.5
      objectReference: {fileID: 0}
    - target: {fileID: -4216859302048453862, guid: ed798ac5c7bd6a947ad5dcd6dbeefcb0,
        type: 3}
      propertyPath: m_RootOrder
      value: 7
      objectReference: {fileID: 0}
    - target: {fileID: -4216859302048453862, guid: ed798ac5c7bd6a947ad5dcd6dbeefcb0,
        type: 3}
      propertyPath: m_LocalEulerAnglesHint.x
      value: 90
      objectReference: {fileID: 0}
    - target: {fileID: -4216859302048453862, guid: ed798ac5c7bd6a947ad5dcd6dbeefcb0,
        type: 3}
      propertyPath: m_LocalEulerAnglesHint.y
      value: 90
      objectReference: {fileID: 0}
    - target: {fileID: -4216859302048453862, guid: ed798ac5c7bd6a947ad5dcd6dbeefcb0,
        type: 3}
      propertyPath: m_LocalEulerAnglesHint.z
      value: 0
      objectReference: {fileID: 0}
    m_RemovedComponents: []
  m_SourcePrefab: {fileID: 100100000, guid: ed798ac5c7bd6a947ad5dcd6dbeefcb0, type: 3}
--- !u!1 &8579844806444924347 stripped
GameObject:
  m_CorrespondingSourceObject: {fileID: -927199367670048503, guid: ed798ac5c7bd6a947ad5dcd6dbeefcb0,
    type: 3}
  m_PrefabInstance: {fileID: 301836226186339506}
  m_PrefabAsset: {fileID: 0}
--- !u!4 &4704822059228188584 stripped
Transform:
  m_CorrespondingSourceObject: {fileID: -4216859302048453862, guid: ed798ac5c7bd6a947ad5dcd6dbeefcb0,
    type: 3}
  m_PrefabInstance: {fileID: 301836226186339506}
  m_PrefabAsset: {fileID: 0}
--- !u!1001 &3874074527110001341
PrefabInstance:
  m_ObjectHideFlags: 0
  serializedVersion: 2
  m_Modification:
    m_TransformParent: {fileID: 6770012067707265071}
    m_Modifications:
    - target: {fileID: -927199367670048503, guid: ed798ac5c7bd6a947ad5dcd6dbeefcb0,
        type: 3}
      propertyPath: m_Name
      value: chain (8)
      objectReference: {fileID: 0}
    - target: {fileID: -927199367670048503, guid: ed798ac5c7bd6a947ad5dcd6dbeefcb0,
        type: 3}
      propertyPath: m_Layer
      value: 9
      objectReference: {fileID: 0}
    - target: {fileID: 4224801822505238522, guid: ed798ac5c7bd6a947ad5dcd6dbeefcb0,
        type: 3}
      propertyPath: m_Layer
      value: 9
      objectReference: {fileID: 0}
    - target: {fileID: 8274873701517981592, guid: ed798ac5c7bd6a947ad5dcd6dbeefcb0,
        type: 3}
      propertyPath: m_Layer
      value: 9
      objectReference: {fileID: 0}
    - target: {fileID: -4968143338141861873, guid: ed798ac5c7bd6a947ad5dcd6dbeefcb0,
        type: 3}
      propertyPath: m_Layer
      value: 9
      objectReference: {fileID: 0}
    - target: {fileID: -4216859302048453862, guid: ed798ac5c7bd6a947ad5dcd6dbeefcb0,
        type: 3}
      propertyPath: m_LocalPosition.x
      value: 0
      objectReference: {fileID: 0}
    - target: {fileID: -4216859302048453862, guid: ed798ac5c7bd6a947ad5dcd6dbeefcb0,
        type: 3}
      propertyPath: m_LocalPosition.y
      value: -0.4
      objectReference: {fileID: 0}
    - target: {fileID: -4216859302048453862, guid: ed798ac5c7bd6a947ad5dcd6dbeefcb0,
        type: 3}
      propertyPath: m_LocalPosition.z
      value: 0
      objectReference: {fileID: 0}
    - target: {fileID: -4216859302048453862, guid: ed798ac5c7bd6a947ad5dcd6dbeefcb0,
        type: 3}
      propertyPath: m_LocalRotation.x
      value: 0.7071068
      objectReference: {fileID: 0}
    - target: {fileID: -4216859302048453862, guid: ed798ac5c7bd6a947ad5dcd6dbeefcb0,
        type: 3}
      propertyPath: m_LocalRotation.y
      value: 0
      objectReference: {fileID: 0}
    - target: {fileID: -4216859302048453862, guid: ed798ac5c7bd6a947ad5dcd6dbeefcb0,
        type: 3}
      propertyPath: m_LocalRotation.z
      value: 0
      objectReference: {fileID: 0}
    - target: {fileID: -4216859302048453862, guid: ed798ac5c7bd6a947ad5dcd6dbeefcb0,
        type: 3}
      propertyPath: m_LocalRotation.w
      value: 0.7071068
      objectReference: {fileID: 0}
    - target: {fileID: -4216859302048453862, guid: ed798ac5c7bd6a947ad5dcd6dbeefcb0,
        type: 3}
      propertyPath: m_RootOrder
      value: 8
      objectReference: {fileID: 0}
    - target: {fileID: -4216859302048453862, guid: ed798ac5c7bd6a947ad5dcd6dbeefcb0,
        type: 3}
      propertyPath: m_LocalEulerAnglesHint.x
      value: 90
      objectReference: {fileID: 0}
    - target: {fileID: -4216859302048453862, guid: ed798ac5c7bd6a947ad5dcd6dbeefcb0,
        type: 3}
      propertyPath: m_LocalEulerAnglesHint.y
      value: 0
      objectReference: {fileID: 0}
    - target: {fileID: -4216859302048453862, guid: ed798ac5c7bd6a947ad5dcd6dbeefcb0,
        type: 3}
      propertyPath: m_LocalEulerAnglesHint.z
      value: 0
      objectReference: {fileID: 0}
    m_RemovedComponents: []
  m_SourcePrefab: {fileID: 100100000, guid: ed798ac5c7bd6a947ad5dcd6dbeefcb0, type: 3}
--- !u!1 &5107811330996874164 stripped
GameObject:
  m_CorrespondingSourceObject: {fileID: -927199367670048503, guid: ed798ac5c7bd6a947ad5dcd6dbeefcb0,
    type: 3}
  m_PrefabInstance: {fileID: 3874074527110001341}
  m_PrefabAsset: {fileID: 0}
--- !u!4 &8122750517393643943 stripped
Transform:
  m_CorrespondingSourceObject: {fileID: -4216859302048453862, guid: ed798ac5c7bd6a947ad5dcd6dbeefcb0,
    type: 3}
  m_PrefabInstance: {fileID: 3874074527110001341}
  m_PrefabAsset: {fileID: 0}
--- !u!1001 &5226329586230113676
PrefabInstance:
  m_ObjectHideFlags: 0
  serializedVersion: 2
  m_Modification:
    m_TransformParent: {fileID: 6770012067707265071}
    m_Modifications:
    - target: {fileID: -927199367670048503, guid: ed798ac5c7bd6a947ad5dcd6dbeefcb0,
        type: 3}
      propertyPath: m_Name
      value: chain (5)
      objectReference: {fileID: 0}
    - target: {fileID: -927199367670048503, guid: ed798ac5c7bd6a947ad5dcd6dbeefcb0,
        type: 3}
      propertyPath: m_Layer
      value: 9
      objectReference: {fileID: 0}
    - target: {fileID: 4224801822505238522, guid: ed798ac5c7bd6a947ad5dcd6dbeefcb0,
        type: 3}
      propertyPath: m_Layer
      value: 9
      objectReference: {fileID: 0}
    - target: {fileID: 8274873701517981592, guid: ed798ac5c7bd6a947ad5dcd6dbeefcb0,
        type: 3}
      propertyPath: m_Layer
      value: 9
      objectReference: {fileID: 0}
    - target: {fileID: -4968143338141861873, guid: ed798ac5c7bd6a947ad5dcd6dbeefcb0,
        type: 3}
      propertyPath: m_Layer
      value: 9
      objectReference: {fileID: 0}
    - target: {fileID: -4216859302048453862, guid: ed798ac5c7bd6a947ad5dcd6dbeefcb0,
        type: 3}
      propertyPath: m_LocalPosition.x
      value: 0
      objectReference: {fileID: 0}
    - target: {fileID: -4216859302048453862, guid: ed798ac5c7bd6a947ad5dcd6dbeefcb0,
        type: 3}
      propertyPath: m_LocalPosition.y
      value: 0.5
      objectReference: {fileID: 0}
    - target: {fileID: -4216859302048453862, guid: ed798ac5c7bd6a947ad5dcd6dbeefcb0,
        type: 3}
      propertyPath: m_LocalPosition.z
      value: 0
      objectReference: {fileID: 0}
    - target: {fileID: -4216859302048453862, guid: ed798ac5c7bd6a947ad5dcd6dbeefcb0,
        type: 3}
      propertyPath: m_LocalRotation.x
      value: 0.5
      objectReference: {fileID: 0}
    - target: {fileID: -4216859302048453862, guid: ed798ac5c7bd6a947ad5dcd6dbeefcb0,
        type: 3}
      propertyPath: m_LocalRotation.y
      value: 0.5
      objectReference: {fileID: 0}
    - target: {fileID: -4216859302048453862, guid: ed798ac5c7bd6a947ad5dcd6dbeefcb0,
        type: 3}
      propertyPath: m_LocalRotation.z
      value: -0.5
      objectReference: {fileID: 0}
    - target: {fileID: -4216859302048453862, guid: ed798ac5c7bd6a947ad5dcd6dbeefcb0,
        type: 3}
      propertyPath: m_LocalRotation.w
      value: 0.5
      objectReference: {fileID: 0}
    - target: {fileID: -4216859302048453862, guid: ed798ac5c7bd6a947ad5dcd6dbeefcb0,
        type: 3}
      propertyPath: m_RootOrder
      value: 5
      objectReference: {fileID: 0}
    - target: {fileID: -4216859302048453862, guid: ed798ac5c7bd6a947ad5dcd6dbeefcb0,
        type: 3}
      propertyPath: m_LocalEulerAnglesHint.x
      value: 90
      objectReference: {fileID: 0}
    - target: {fileID: -4216859302048453862, guid: ed798ac5c7bd6a947ad5dcd6dbeefcb0,
        type: 3}
      propertyPath: m_LocalEulerAnglesHint.y
      value: 90
      objectReference: {fileID: 0}
    - target: {fileID: -4216859302048453862, guid: ed798ac5c7bd6a947ad5dcd6dbeefcb0,
        type: 3}
      propertyPath: m_LocalEulerAnglesHint.z
      value: 0
      objectReference: {fileID: 0}
    m_RemovedComponents: []
  m_SourcePrefab: {fileID: 100100000, guid: ed798ac5c7bd6a947ad5dcd6dbeefcb0, type: 3}
--- !u!4 &1007983740162776726 stripped
Transform:
  m_CorrespondingSourceObject: {fileID: -4216859302048453862, guid: ed798ac5c7bd6a947ad5dcd6dbeefcb0,
    type: 3}
  m_PrefabInstance: {fileID: 5226329586230113676}
  m_PrefabAsset: {fileID: 0}
--- !u!1 &4298204292261833861 stripped
GameObject:
  m_CorrespondingSourceObject: {fileID: -927199367670048503, guid: ed798ac5c7bd6a947ad5dcd6dbeefcb0,
    type: 3}
  m_PrefabInstance: {fileID: 5226329586230113676}
  m_PrefabAsset: {fileID: 0}
--- !u!1001 &6770012066583970629
PrefabInstance:
  m_ObjectHideFlags: 0
  serializedVersion: 2
  m_Modification:
    m_TransformParent: {fileID: 6770012067707265071}
    m_Modifications:
    - target: {fileID: -927199367670048503, guid: ed798ac5c7bd6a947ad5dcd6dbeefcb0,
        type: 3}
      propertyPath: m_Name
      value: chain
      objectReference: {fileID: 0}
    - target: {fileID: -927199367670048503, guid: ed798ac5c7bd6a947ad5dcd6dbeefcb0,
        type: 3}
      propertyPath: m_Layer
      value: 9
      objectReference: {fileID: 0}
    - target: {fileID: 4224801822505238522, guid: ed798ac5c7bd6a947ad5dcd6dbeefcb0,
        type: 3}
      propertyPath: m_Layer
      value: 9
      objectReference: {fileID: 0}
    - target: {fileID: 8274873701517981592, guid: ed798ac5c7bd6a947ad5dcd6dbeefcb0,
        type: 3}
      propertyPath: m_Layer
      value: 9
      objectReference: {fileID: 0}
    - target: {fileID: -4968143338141861873, guid: ed798ac5c7bd6a947ad5dcd6dbeefcb0,
        type: 3}
      propertyPath: m_Layer
      value: 9
      objectReference: {fileID: 0}
    - target: {fileID: -4216859302048453862, guid: ed798ac5c7bd6a947ad5dcd6dbeefcb0,
        type: 3}
      propertyPath: m_LocalPosition.x
      value: 0
      objectReference: {fileID: 0}
    - target: {fileID: -4216859302048453862, guid: ed798ac5c7bd6a947ad5dcd6dbeefcb0,
        type: 3}
      propertyPath: m_LocalPosition.y
      value: 2
      objectReference: {fileID: 0}
    - target: {fileID: -4216859302048453862, guid: ed798ac5c7bd6a947ad5dcd6dbeefcb0,
        type: 3}
      propertyPath: m_LocalPosition.z
      value: 0
      objectReference: {fileID: 0}
    - target: {fileID: -4216859302048453862, guid: ed798ac5c7bd6a947ad5dcd6dbeefcb0,
        type: 3}
      propertyPath: m_LocalRotation.x
      value: 0.7071068
      objectReference: {fileID: 0}
    - target: {fileID: -4216859302048453862, guid: ed798ac5c7bd6a947ad5dcd6dbeefcb0,
        type: 3}
      propertyPath: m_LocalRotation.y
      value: -0
      objectReference: {fileID: 0}
    - target: {fileID: -4216859302048453862, guid: ed798ac5c7bd6a947ad5dcd6dbeefcb0,
        type: 3}
      propertyPath: m_LocalRotation.z
      value: -0
      objectReference: {fileID: 0}
    - target: {fileID: -4216859302048453862, guid: ed798ac5c7bd6a947ad5dcd6dbeefcb0,
        type: 3}
      propertyPath: m_LocalRotation.w
      value: 0.7071068
      objectReference: {fileID: 0}
    - target: {fileID: -4216859302048453862, guid: ed798ac5c7bd6a947ad5dcd6dbeefcb0,
        type: 3}
      propertyPath: m_RootOrder
      value: 0
      objectReference: {fileID: 0}
    - target: {fileID: -4216859302048453862, guid: ed798ac5c7bd6a947ad5dcd6dbeefcb0,
        type: 3}
      propertyPath: m_LocalEulerAnglesHint.x
      value: 90
      objectReference: {fileID: 0}
    - target: {fileID: -4216859302048453862, guid: ed798ac5c7bd6a947ad5dcd6dbeefcb0,
        type: 3}
      propertyPath: m_LocalEulerAnglesHint.y
      value: 0
      objectReference: {fileID: 0}
    - target: {fileID: -4216859302048453862, guid: ed798ac5c7bd6a947ad5dcd6dbeefcb0,
        type: 3}
      propertyPath: m_LocalEulerAnglesHint.z
      value: 0
      objectReference: {fileID: 0}
    m_RemovedComponents: []
  m_SourcePrefab: {fileID: 100100000, guid: ed798ac5c7bd6a947ad5dcd6dbeefcb0, type: 3}
--- !u!1 &3373766825146309196 stripped
GameObject:
  m_CorrespondingSourceObject: {fileID: -927199367670048503, guid: ed798ac5c7bd6a947ad5dcd6dbeefcb0,
    type: 3}
  m_PrefabInstance: {fileID: 6770012066583970629}
  m_PrefabAsset: {fileID: 0}
--- !u!4 &1768048599792429151 stripped
Transform:
  m_CorrespondingSourceObject: {fileID: -4216859302048453862, guid: ed798ac5c7bd6a947ad5dcd6dbeefcb0,
    type: 3}
  m_PrefabInstance: {fileID: 6770012066583970629}
  m_PrefabAsset: {fileID: 0}
--- !u!1001 &6770012067200292873
PrefabInstance:
  m_ObjectHideFlags: 0
  serializedVersion: 2
  m_Modification:
    m_TransformParent: {fileID: 6770012067707265071}
    m_Modifications:
    - target: {fileID: -927199367670048503, guid: ed798ac5c7bd6a947ad5dcd6dbeefcb0,
        type: 3}
      propertyPath: m_Name
      value: chain (2)
      objectReference: {fileID: 0}
    - target: {fileID: -927199367670048503, guid: ed798ac5c7bd6a947ad5dcd6dbeefcb0,
        type: 3}
      propertyPath: m_Layer
      value: 9
      objectReference: {fileID: 0}
    - target: {fileID: 4224801822505238522, guid: ed798ac5c7bd6a947ad5dcd6dbeefcb0,
        type: 3}
      propertyPath: m_Layer
      value: 9
      objectReference: {fileID: 0}
    - target: {fileID: 8274873701517981592, guid: ed798ac5c7bd6a947ad5dcd6dbeefcb0,
        type: 3}
      propertyPath: m_Layer
      value: 9
      objectReference: {fileID: 0}
    - target: {fileID: -4968143338141861873, guid: ed798ac5c7bd6a947ad5dcd6dbeefcb0,
        type: 3}
      propertyPath: m_Layer
      value: 9
      objectReference: {fileID: 0}
    - target: {fileID: -4216859302048453862, guid: ed798ac5c7bd6a947ad5dcd6dbeefcb0,
        type: 3}
      propertyPath: m_LocalPosition.x
      value: 0
      objectReference: {fileID: 0}
    - target: {fileID: -4216859302048453862, guid: ed798ac5c7bd6a947ad5dcd6dbeefcb0,
        type: 3}
      propertyPath: m_LocalPosition.y
      value: 1.4
      objectReference: {fileID: 0}
    - target: {fileID: -4216859302048453862, guid: ed798ac5c7bd6a947ad5dcd6dbeefcb0,
        type: 3}
      propertyPath: m_LocalPosition.z
      value: 0
      objectReference: {fileID: 0}
    - target: {fileID: -4216859302048453862, guid: ed798ac5c7bd6a947ad5dcd6dbeefcb0,
        type: 3}
      propertyPath: m_LocalRotation.x
      value: 0.7071068
      objectReference: {fileID: 0}
    - target: {fileID: -4216859302048453862, guid: ed798ac5c7bd6a947ad5dcd6dbeefcb0,
        type: 3}
      propertyPath: m_LocalRotation.y
      value: 0
      objectReference: {fileID: 0}
    - target: {fileID: -4216859302048453862, guid: ed798ac5c7bd6a947ad5dcd6dbeefcb0,
        type: 3}
      propertyPath: m_LocalRotation.z
      value: 0
      objectReference: {fileID: 0}
    - target: {fileID: -4216859302048453862, guid: ed798ac5c7bd6a947ad5dcd6dbeefcb0,
        type: 3}
      propertyPath: m_LocalRotation.w
      value: 0.7071068
      objectReference: {fileID: 0}
    - target: {fileID: -4216859302048453862, guid: ed798ac5c7bd6a947ad5dcd6dbeefcb0,
        type: 3}
      propertyPath: m_RootOrder
      value: 2
      objectReference: {fileID: 0}
    - target: {fileID: -4216859302048453862, guid: ed798ac5c7bd6a947ad5dcd6dbeefcb0,
        type: 3}
      propertyPath: m_LocalEulerAnglesHint.x
      value: 90
      objectReference: {fileID: 0}
    - target: {fileID: -4216859302048453862, guid: ed798ac5c7bd6a947ad5dcd6dbeefcb0,
        type: 3}
      propertyPath: m_LocalEulerAnglesHint.y
      value: 0
      objectReference: {fileID: 0}
    - target: {fileID: -4216859302048453862, guid: ed798ac5c7bd6a947ad5dcd6dbeefcb0,
        type: 3}
      propertyPath: m_LocalEulerAnglesHint.z
      value: 0
      objectReference: {fileID: 0}
    m_RemovedComponents: []
  m_SourcePrefab: {fileID: 100100000, guid: ed798ac5c7bd6a947ad5dcd6dbeefcb0, type: 3}
--- !u!1 &3373766824488042752 stripped
GameObject:
  m_CorrespondingSourceObject: {fileID: -927199367670048503, guid: ed798ac5c7bd6a947ad5dcd6dbeefcb0,
    type: 3}
  m_PrefabInstance: {fileID: 6770012067200292873}
  m_PrefabAsset: {fileID: 0}
--- !u!4 &1768048600443351827 stripped
Transform:
  m_CorrespondingSourceObject: {fileID: -4216859302048453862, guid: ed798ac5c7bd6a947ad5dcd6dbeefcb0,
    type: 3}
  m_PrefabInstance: {fileID: 6770012067200292873}
  m_PrefabAsset: {fileID: 0}
--- !u!1001 &6770012067756778587
PrefabInstance:
  m_ObjectHideFlags: 0
  serializedVersion: 2
  m_Modification:
    m_TransformParent: {fileID: 6770012067707265071}
    m_Modifications:
    - target: {fileID: -927199367670048503, guid: ed798ac5c7bd6a947ad5dcd6dbeefcb0,
        type: 3}
      propertyPath: m_Name
      value: chain (3)
      objectReference: {fileID: 0}
    - target: {fileID: -927199367670048503, guid: ed798ac5c7bd6a947ad5dcd6dbeefcb0,
        type: 3}
      propertyPath: m_Layer
      value: 9
      objectReference: {fileID: 0}
    - target: {fileID: 4224801822505238522, guid: ed798ac5c7bd6a947ad5dcd6dbeefcb0,
        type: 3}
      propertyPath: m_Layer
      value: 9
      objectReference: {fileID: 0}
    - target: {fileID: 8274873701517981592, guid: ed798ac5c7bd6a947ad5dcd6dbeefcb0,
        type: 3}
      propertyPath: m_Layer
      value: 9
      objectReference: {fileID: 0}
    - target: {fileID: -4968143338141861873, guid: ed798ac5c7bd6a947ad5dcd6dbeefcb0,
        type: 3}
      propertyPath: m_Layer
      value: 9
      objectReference: {fileID: 0}
    - target: {fileID: -4216859302048453862, guid: ed798ac5c7bd6a947ad5dcd6dbeefcb0,
        type: 3}
      propertyPath: m_LocalPosition.x
      value: 0
      objectReference: {fileID: 0}
    - target: {fileID: -4216859302048453862, guid: ed798ac5c7bd6a947ad5dcd6dbeefcb0,
        type: 3}
      propertyPath: m_LocalPosition.y
      value: 1.1
      objectReference: {fileID: 0}
    - target: {fileID: -4216859302048453862, guid: ed798ac5c7bd6a947ad5dcd6dbeefcb0,
        type: 3}
      propertyPath: m_LocalPosition.z
      value: 0
      objectReference: {fileID: 0}
    - target: {fileID: -4216859302048453862, guid: ed798ac5c7bd6a947ad5dcd6dbeefcb0,
        type: 3}
      propertyPath: m_LocalRotation.x
      value: 0.5
      objectReference: {fileID: 0}
    - target: {fileID: -4216859302048453862, guid: ed798ac5c7bd6a947ad5dcd6dbeefcb0,
        type: 3}
      propertyPath: m_LocalRotation.y
      value: 0.5
      objectReference: {fileID: 0}
    - target: {fileID: -4216859302048453862, guid: ed798ac5c7bd6a947ad5dcd6dbeefcb0,
        type: 3}
      propertyPath: m_LocalRotation.z
      value: -0.5
      objectReference: {fileID: 0}
    - target: {fileID: -4216859302048453862, guid: ed798ac5c7bd6a947ad5dcd6dbeefcb0,
        type: 3}
      propertyPath: m_LocalRotation.w
      value: 0.5
      objectReference: {fileID: 0}
    - target: {fileID: -4216859302048453862, guid: ed798ac5c7bd6a947ad5dcd6dbeefcb0,
        type: 3}
      propertyPath: m_RootOrder
      value: 3
      objectReference: {fileID: 0}
    - target: {fileID: -4216859302048453862, guid: ed798ac5c7bd6a947ad5dcd6dbeefcb0,
        type: 3}
      propertyPath: m_LocalEulerAnglesHint.x
      value: 90
      objectReference: {fileID: 0}
    - target: {fileID: -4216859302048453862, guid: ed798ac5c7bd6a947ad5dcd6dbeefcb0,
        type: 3}
      propertyPath: m_LocalEulerAnglesHint.y
      value: 90
      objectReference: {fileID: 0}
    - target: {fileID: -4216859302048453862, guid: ed798ac5c7bd6a947ad5dcd6dbeefcb0,
        type: 3}
      propertyPath: m_LocalEulerAnglesHint.z
      value: 0
      objectReference: {fileID: 0}
    m_RemovedComponents: []
  m_SourcePrefab: {fileID: 100100000, guid: ed798ac5c7bd6a947ad5dcd6dbeefcb0, type: 3}
--- !u!1 &3373766823971355986 stripped
GameObject:
  m_CorrespondingSourceObject: {fileID: -927199367670048503, guid: ed798ac5c7bd6a947ad5dcd6dbeefcb0,
    type: 3}
  m_PrefabInstance: {fileID: 6770012067756778587}
  m_PrefabAsset: {fileID: 0}
--- !u!4 &1768048600968433473 stripped
Transform:
  m_CorrespondingSourceObject: {fileID: -4216859302048453862, guid: ed798ac5c7bd6a947ad5dcd6dbeefcb0,
    type: 3}
  m_PrefabInstance: {fileID: 6770012067756778587}
  m_PrefabAsset: {fileID: 0}
--- !u!1001 &6770012068146338696
PrefabInstance:
  m_ObjectHideFlags: 0
  serializedVersion: 2
  m_Modification:
    m_TransformParent: {fileID: 6770012067707265071}
    m_Modifications:
    - target: {fileID: -927199367670048503, guid: ed798ac5c7bd6a947ad5dcd6dbeefcb0,
        type: 3}
      propertyPath: m_Name
      value: chain (1)
      objectReference: {fileID: 0}
    - target: {fileID: -927199367670048503, guid: ed798ac5c7bd6a947ad5dcd6dbeefcb0,
        type: 3}
      propertyPath: m_Layer
      value: 9
      objectReference: {fileID: 0}
    - target: {fileID: 4224801822505238522, guid: ed798ac5c7bd6a947ad5dcd6dbeefcb0,
        type: 3}
      propertyPath: m_Layer
      value: 9
      objectReference: {fileID: 0}
    - target: {fileID: 8274873701517981592, guid: ed798ac5c7bd6a947ad5dcd6dbeefcb0,
        type: 3}
      propertyPath: m_Layer
      value: 9
      objectReference: {fileID: 0}
    - target: {fileID: -4968143338141861873, guid: ed798ac5c7bd6a947ad5dcd6dbeefcb0,
        type: 3}
      propertyPath: m_Layer
      value: 9
      objectReference: {fileID: 0}
    - target: {fileID: -4216859302048453862, guid: ed798ac5c7bd6a947ad5dcd6dbeefcb0,
        type: 3}
      propertyPath: m_LocalPosition.x
      value: 0
      objectReference: {fileID: 0}
    - target: {fileID: -4216859302048453862, guid: ed798ac5c7bd6a947ad5dcd6dbeefcb0,
        type: 3}
      propertyPath: m_LocalPosition.y
      value: 1.7
      objectReference: {fileID: 0}
    - target: {fileID: -4216859302048453862, guid: ed798ac5c7bd6a947ad5dcd6dbeefcb0,
        type: 3}
      propertyPath: m_LocalPosition.z
      value: 0
      objectReference: {fileID: 0}
    - target: {fileID: -4216859302048453862, guid: ed798ac5c7bd6a947ad5dcd6dbeefcb0,
        type: 3}
      propertyPath: m_LocalRotation.x
      value: 0.5
      objectReference: {fileID: 0}
    - target: {fileID: -4216859302048453862, guid: ed798ac5c7bd6a947ad5dcd6dbeefcb0,
        type: 3}
      propertyPath: m_LocalRotation.y
      value: 0.5
      objectReference: {fileID: 0}
    - target: {fileID: -4216859302048453862, guid: ed798ac5c7bd6a947ad5dcd6dbeefcb0,
        type: 3}
      propertyPath: m_LocalRotation.z
      value: -0.5
      objectReference: {fileID: 0}
    - target: {fileID: -4216859302048453862, guid: ed798ac5c7bd6a947ad5dcd6dbeefcb0,
        type: 3}
      propertyPath: m_LocalRotation.w
      value: 0.5
      objectReference: {fileID: 0}
    - target: {fileID: -4216859302048453862, guid: ed798ac5c7bd6a947ad5dcd6dbeefcb0,
        type: 3}
      propertyPath: m_RootOrder
      value: 1
      objectReference: {fileID: 0}
    - target: {fileID: -4216859302048453862, guid: ed798ac5c7bd6a947ad5dcd6dbeefcb0,
        type: 3}
      propertyPath: m_LocalEulerAnglesHint.x
      value: 90
      objectReference: {fileID: 0}
    - target: {fileID: -4216859302048453862, guid: ed798ac5c7bd6a947ad5dcd6dbeefcb0,
        type: 3}
      propertyPath: m_LocalEulerAnglesHint.y
      value: 90
      objectReference: {fileID: 0}
    - target: {fileID: -4216859302048453862, guid: ed798ac5c7bd6a947ad5dcd6dbeefcb0,
        type: 3}
      propertyPath: m_LocalEulerAnglesHint.z
      value: 0
      objectReference: {fileID: 0}
    m_RemovedComponents: []
  m_SourcePrefab: {fileID: 100100000, guid: ed798ac5c7bd6a947ad5dcd6dbeefcb0, type: 3}
--- !u!4 &1768048601388413074 stripped
Transform:
  m_CorrespondingSourceObject: {fileID: -4216859302048453862, guid: ed798ac5c7bd6a947ad5dcd6dbeefcb0,
    type: 3}
  m_PrefabInstance: {fileID: 6770012068146338696}
  m_PrefabAsset: {fileID: 0}
--- !u!1 &3373766824091386497 stripped
GameObject:
  m_CorrespondingSourceObject: {fileID: -927199367670048503, guid: ed798ac5c7bd6a947ad5dcd6dbeefcb0,
    type: 3}
  m_PrefabInstance: {fileID: 6770012068146338696}
  m_PrefabAsset: {fileID: 0}
--- !u!1001 &6770012068463152773
PrefabInstance:
  m_ObjectHideFlags: 0
  serializedVersion: 2
  m_Modification:
    m_TransformParent: {fileID: 6770012067707265071}
    m_Modifications:
    - target: {fileID: -927199367670048503, guid: ed798ac5c7bd6a947ad5dcd6dbeefcb0,
        type: 3}
      propertyPath: m_Name
      value: chain (4)
      objectReference: {fileID: 0}
    - target: {fileID: -927199367670048503, guid: ed798ac5c7bd6a947ad5dcd6dbeefcb0,
        type: 3}
      propertyPath: m_Layer
      value: 9
      objectReference: {fileID: 0}
    - target: {fileID: 4224801822505238522, guid: ed798ac5c7bd6a947ad5dcd6dbeefcb0,
        type: 3}
      propertyPath: m_Layer
      value: 9
      objectReference: {fileID: 0}
    - target: {fileID: 8274873701517981592, guid: ed798ac5c7bd6a947ad5dcd6dbeefcb0,
        type: 3}
      propertyPath: m_Layer
      value: 9
      objectReference: {fileID: 0}
    - target: {fileID: -4968143338141861873, guid: ed798ac5c7bd6a947ad5dcd6dbeefcb0,
        type: 3}
      propertyPath: m_Layer
      value: 9
      objectReference: {fileID: 0}
    - target: {fileID: -4216859302048453862, guid: ed798ac5c7bd6a947ad5dcd6dbeefcb0,
        type: 3}
      propertyPath: m_LocalPosition.x
      value: 0
      objectReference: {fileID: 0}
    - target: {fileID: -4216859302048453862, guid: ed798ac5c7bd6a947ad5dcd6dbeefcb0,
        type: 3}
      propertyPath: m_LocalPosition.y
      value: 0.8
      objectReference: {fileID: 0}
    - target: {fileID: -4216859302048453862, guid: ed798ac5c7bd6a947ad5dcd6dbeefcb0,
        type: 3}
      propertyPath: m_LocalPosition.z
      value: 0
      objectReference: {fileID: 0}
    - target: {fileID: -4216859302048453862, guid: ed798ac5c7bd6a947ad5dcd6dbeefcb0,
        type: 3}
      propertyPath: m_LocalRotation.x
      value: 0.7071068
      objectReference: {fileID: 0}
    - target: {fileID: -4216859302048453862, guid: ed798ac5c7bd6a947ad5dcd6dbeefcb0,
        type: 3}
      propertyPath: m_LocalRotation.y
      value: 0
      objectReference: {fileID: 0}
    - target: {fileID: -4216859302048453862, guid: ed798ac5c7bd6a947ad5dcd6dbeefcb0,
        type: 3}
      propertyPath: m_LocalRotation.z
      value: 0
      objectReference: {fileID: 0}
    - target: {fileID: -4216859302048453862, guid: ed798ac5c7bd6a947ad5dcd6dbeefcb0,
        type: 3}
      propertyPath: m_LocalRotation.w
      value: 0.7071068
      objectReference: {fileID: 0}
    - target: {fileID: -4216859302048453862, guid: ed798ac5c7bd6a947ad5dcd6dbeefcb0,
        type: 3}
      propertyPath: m_RootOrder
      value: 4
      objectReference: {fileID: 0}
    - target: {fileID: -4216859302048453862, guid: ed798ac5c7bd6a947ad5dcd6dbeefcb0,
        type: 3}
      propertyPath: m_LocalEulerAnglesHint.x
      value: 90
      objectReference: {fileID: 0}
    - target: {fileID: -4216859302048453862, guid: ed798ac5c7bd6a947ad5dcd6dbeefcb0,
        type: 3}
      propertyPath: m_LocalEulerAnglesHint.y
      value: 0
      objectReference: {fileID: 0}
    - target: {fileID: -4216859302048453862, guid: ed798ac5c7bd6a947ad5dcd6dbeefcb0,
        type: 3}
      propertyPath: m_LocalEulerAnglesHint.z
      value: 0
      objectReference: {fileID: 0}
    m_RemovedComponents: []
  m_SourcePrefab: {fileID: 100100000, guid: ed798ac5c7bd6a947ad5dcd6dbeefcb0, type: 3}
--- !u!4 &1768048601671607711 stripped
Transform:
  m_CorrespondingSourceObject: {fileID: -4216859302048453862, guid: ed798ac5c7bd6a947ad5dcd6dbeefcb0,
    type: 3}
  m_PrefabInstance: {fileID: 6770012068463152773}
  m_PrefabAsset: {fileID: 0}
--- !u!1 &3373766823804000140 stripped
GameObject:
  m_CorrespondingSourceObject: {fileID: -927199367670048503, guid: ed798ac5c7bd6a947ad5dcd6dbeefcb0,
    type: 3}
  m_PrefabInstance: {fileID: 6770012068463152773}
  m_PrefabAsset: {fileID: 0}
--- !u!1001 &7098399597249832671
PrefabInstance:
  m_ObjectHideFlags: 0
  serializedVersion: 2
  m_Modification:
    m_TransformParent: {fileID: 6770012067707265071}
    m_Modifications:
    - target: {fileID: -927199367670048503, guid: ed798ac5c7bd6a947ad5dcd6dbeefcb0,
        type: 3}
      propertyPath: m_Name
      value: chain (9)
      objectReference: {fileID: 0}
    - target: {fileID: -927199367670048503, guid: ed798ac5c7bd6a947ad5dcd6dbeefcb0,
        type: 3}
      propertyPath: m_Layer
      value: 9
      objectReference: {fileID: 0}
    - target: {fileID: 4224801822505238522, guid: ed798ac5c7bd6a947ad5dcd6dbeefcb0,
        type: 3}
      propertyPath: m_Layer
      value: 9
      objectReference: {fileID: 0}
    - target: {fileID: 8274873701517981592, guid: ed798ac5c7bd6a947ad5dcd6dbeefcb0,
        type: 3}
      propertyPath: m_Layer
      value: 9
      objectReference: {fileID: 0}
    - target: {fileID: -4968143338141861873, guid: ed798ac5c7bd6a947ad5dcd6dbeefcb0,
        type: 3}
      propertyPath: m_Layer
      value: 9
      objectReference: {fileID: 0}
    - target: {fileID: -4216859302048453862, guid: ed798ac5c7bd6a947ad5dcd6dbeefcb0,
        type: 3}
      propertyPath: m_LocalPosition.x
      value: 0
      objectReference: {fileID: 0}
    - target: {fileID: -4216859302048453862, guid: ed798ac5c7bd6a947ad5dcd6dbeefcb0,
        type: 3}
      propertyPath: m_LocalPosition.y
      value: -0.7
      objectReference: {fileID: 0}
    - target: {fileID: -4216859302048453862, guid: ed798ac5c7bd6a947ad5dcd6dbeefcb0,
        type: 3}
      propertyPath: m_LocalPosition.z
      value: 0
      objectReference: {fileID: 0}
    - target: {fileID: -4216859302048453862, guid: ed798ac5c7bd6a947ad5dcd6dbeefcb0,
        type: 3}
      propertyPath: m_LocalRotation.x
      value: 0.5
      objectReference: {fileID: 0}
    - target: {fileID: -4216859302048453862, guid: ed798ac5c7bd6a947ad5dcd6dbeefcb0,
        type: 3}
      propertyPath: m_LocalRotation.y
      value: 0.5
      objectReference: {fileID: 0}
    - target: {fileID: -4216859302048453862, guid: ed798ac5c7bd6a947ad5dcd6dbeefcb0,
        type: 3}
      propertyPath: m_LocalRotation.z
      value: -0.5
      objectReference: {fileID: 0}
    - target: {fileID: -4216859302048453862, guid: ed798ac5c7bd6a947ad5dcd6dbeefcb0,
        type: 3}
      propertyPath: m_LocalRotation.w
      value: 0.5
      objectReference: {fileID: 0}
    - target: {fileID: -4216859302048453862, guid: ed798ac5c7bd6a947ad5dcd6dbeefcb0,
        type: 3}
      propertyPath: m_RootOrder
      value: 9
      objectReference: {fileID: 0}
    - target: {fileID: -4216859302048453862, guid: ed798ac5c7bd6a947ad5dcd6dbeefcb0,
        type: 3}
      propertyPath: m_LocalEulerAnglesHint.x
      value: 90
      objectReference: {fileID: 0}
    - target: {fileID: -4216859302048453862, guid: ed798ac5c7bd6a947ad5dcd6dbeefcb0,
        type: 3}
      propertyPath: m_LocalEulerAnglesHint.y
      value: 90
      objectReference: {fileID: 0}
    - target: {fileID: -4216859302048453862, guid: ed798ac5c7bd6a947ad5dcd6dbeefcb0,
        type: 3}
      propertyPath: m_LocalEulerAnglesHint.z
      value: 0
      objectReference: {fileID: 0}
    m_RemovedComponents: []
  m_SourcePrefab: {fileID: 100100000, guid: ed798ac5c7bd6a947ad5dcd6dbeefcb0, type: 3}
--- !u!4 &2880087273351908805 stripped
Transform:
  m_CorrespondingSourceObject: {fileID: -4216859302048453862, guid: ed798ac5c7bd6a947ad5dcd6dbeefcb0,
    type: 3}
  m_PrefabInstance: {fileID: 7098399597249832671}
  m_PrefabAsset: {fileID: 0}
--- !u!1 &1270993408169967574 stripped
GameObject:
  m_CorrespondingSourceObject: {fileID: -927199367670048503, guid: ed798ac5c7bd6a947ad5dcd6dbeefcb0,
    type: 3}
  m_PrefabInstance: {fileID: 7098399597249832671}
  m_PrefabAsset: {fileID: 0}
--- !u!1001 &8835349423450014177
PrefabInstance:
  m_ObjectHideFlags: 0
  serializedVersion: 2
  m_Modification:
    m_TransformParent: {fileID: 6770012067707265071}
    m_Modifications:
    - target: {fileID: -927199367670048503, guid: ed798ac5c7bd6a947ad5dcd6dbeefcb0,
        type: 3}
      propertyPath: m_Name
      value: chain (6)
      objectReference: {fileID: 0}
    - target: {fileID: -927199367670048503, guid: ed798ac5c7bd6a947ad5dcd6dbeefcb0,
        type: 3}
      propertyPath: m_Layer
      value: 9
      objectReference: {fileID: 0}
    - target: {fileID: 4224801822505238522, guid: ed798ac5c7bd6a947ad5dcd6dbeefcb0,
        type: 3}
      propertyPath: m_Layer
      value: 9
      objectReference: {fileID: 0}
    - target: {fileID: 8274873701517981592, guid: ed798ac5c7bd6a947ad5dcd6dbeefcb0,
        type: 3}
      propertyPath: m_Layer
      value: 9
      objectReference: {fileID: 0}
    - target: {fileID: -4968143338141861873, guid: ed798ac5c7bd6a947ad5dcd6dbeefcb0,
        type: 3}
      propertyPath: m_Layer
      value: 9
      objectReference: {fileID: 0}
    - target: {fileID: -4216859302048453862, guid: ed798ac5c7bd6a947ad5dcd6dbeefcb0,
        type: 3}
      propertyPath: m_LocalPosition.x
      value: 0
      objectReference: {fileID: 0}
    - target: {fileID: -4216859302048453862, guid: ed798ac5c7bd6a947ad5dcd6dbeefcb0,
        type: 3}
      propertyPath: m_LocalPosition.y
      value: 0.2
      objectReference: {fileID: 0}
    - target: {fileID: -4216859302048453862, guid: ed798ac5c7bd6a947ad5dcd6dbeefcb0,
        type: 3}
      propertyPath: m_LocalPosition.z
      value: 0
      objectReference: {fileID: 0}
    - target: {fileID: -4216859302048453862, guid: ed798ac5c7bd6a947ad5dcd6dbeefcb0,
        type: 3}
      propertyPath: m_LocalRotation.x
      value: 0.7071068
      objectReference: {fileID: 0}
    - target: {fileID: -4216859302048453862, guid: ed798ac5c7bd6a947ad5dcd6dbeefcb0,
        type: 3}
      propertyPath: m_LocalRotation.y
      value: 0
      objectReference: {fileID: 0}
    - target: {fileID: -4216859302048453862, guid: ed798ac5c7bd6a947ad5dcd6dbeefcb0,
        type: 3}
      propertyPath: m_LocalRotation.z
      value: 0
      objectReference: {fileID: 0}
    - target: {fileID: -4216859302048453862, guid: ed798ac5c7bd6a947ad5dcd6dbeefcb0,
        type: 3}
      propertyPath: m_LocalRotation.w
      value: 0.7071068
      objectReference: {fileID: 0}
    - target: {fileID: -4216859302048453862, guid: ed798ac5c7bd6a947ad5dcd6dbeefcb0,
        type: 3}
      propertyPath: m_RootOrder
      value: 6
      objectReference: {fileID: 0}
    - target: {fileID: -4216859302048453862, guid: ed798ac5c7bd6a947ad5dcd6dbeefcb0,
        type: 3}
      propertyPath: m_LocalEulerAnglesHint.x
      value: 90
      objectReference: {fileID: 0}
    - target: {fileID: -4216859302048453862, guid: ed798ac5c7bd6a947ad5dcd6dbeefcb0,
        type: 3}
      propertyPath: m_LocalEulerAnglesHint.y
      value: 0
      objectReference: {fileID: 0}
    - target: {fileID: -4216859302048453862, guid: ed798ac5c7bd6a947ad5dcd6dbeefcb0,
        type: 3}
      propertyPath: m_LocalEulerAnglesHint.z
      value: 0
      objectReference: {fileID: 0}
    m_RemovedComponents: []
  m_SourcePrefab: {fileID: 100100000, guid: ed798ac5c7bd6a947ad5dcd6dbeefcb0, type: 3}
--- !u!4 &4604864320439413499 stripped
Transform:
  m_CorrespondingSourceObject: {fileID: -4216859302048453862, guid: ed798ac5c7bd6a947ad5dcd6dbeefcb0,
    type: 3}
  m_PrefabInstance: {fileID: 8835349423450014177}
  m_PrefabAsset: {fileID: 0}
--- !u!1 &701605427476928744 stripped
GameObject:
  m_CorrespondingSourceObject: {fileID: -927199367670048503, guid: ed798ac5c7bd6a947ad5dcd6dbeefcb0,
    type: 3}
  m_PrefabInstance: {fileID: 8835349423450014177}
  m_PrefabAsset: {fileID: 0}
